<?xml version="1.0" encoding="UTF-8"?><collection xmlns="http://www.loc.gov/MARC21/slim"><record><leader>00664nam--2200181-i-4500</leader><controlfield tag="001">000017257</controlfield><controlfield tag="002">20161230</controlfield><controlfield tag="005">20170205230030</controlfield><controlfield tag="008">060222s1000------------r-----000-0-eng-d</controlfield><datafield ind1=" " ind2=" " tag="020"><subfield code="a">92-826-3</subfield></datafield><datafield ind1=" " ind2=" " tag="080"><subfield code="a">621.039.7</subfield></datafield><datafield ind1=" " ind2=" " tag="100"><subfield code="a">Mingarro, E</subfield></datafield><datafield ind1=" " ind2=" " tag="245"><subfield code="a">Chracterization of clay (bentonite/crushed gra nite mixtures to build batrriers against the migration of radionuclides: diffusion studies and physicl properties. Task 3 - characterizat ion of radioactieve waste forms</subfield></datafield><datafield ind1=" " ind2=" " tag="260"><subfield code="a">Luxembourg</subfield><subfield code="b">Office For Official Publications Of The European Communities</subfield><subfield code="c">1991</subfield></datafield><datafield ind1=" " ind2=" " tag="300"><subfield code="a">136 p</subfield></datafield><datafield ind1=" " ind2=" " tag="490"><subfield code="a">Eur 13666</subfield></datafield><datafield ind1=" " ind2=" " tag="852"><subfield code="a">80157</subfield></datafield><datafield ind1=" " ind2=" " tag="CAT"><subfield code="a">SYS</subfield><subfield code="c">20170205</subfield><subfield code="h">230030</subfield></datafield></record></collection>